@misc{sqlite,
title={sqlite in 5 minutes or less 2018},
howpublished={https://www.sqlite.org/quickstart.html},
journal={Sqlite.org},
year={2018},
note={Accessed: 2018/11/2}
}

@misc{libpq,
title={postgresql: documentation: 11: chapter 34. libpq - c library 2018}, howpublished={https://www.postgresql.org/docs/11/static/libpq.html},
journal={Postgresql.org},
year={2018},
note={Accessed: 2018/11/2}
}

@misc{postgres,
title={postgresql: about 2018},
howpublished={https://www.postgresql.org/about/},
journal={Postgresql.org},
year={2018},
note={Accessed: 2018/11/2}
}

@misc{cubrid,
title={learn cubrid: manuals, get started tutorial and faq 2018},
howpublished={https://www.cubrid.org/documentation/getting-started/java-program},
journal={Cubrid.org},
year={2018},
note={Accessed: 2018/11/2}
}

@misc{intel,
title={intel® movidius™ neural compute stick 2018},
howpublished={https://software.intel.com/en-us/neural-compute-stick},
journal={Software.intel.com},
year={2018},
note={Accessed: 2018/11/2}
}

@misc{intelintro,
title={introduction 2018},
howpublished={https://movidius.github.io/ncsdk/},
journal={Movidius.github.io},
year={2018},
note={Accessed: 2018/11/2}
}

@misc{raspi,
title={raspberry pi 3 - model b plus (b+) - latest version 2018},
howpublished={https://www.pishop.us/product/raspberry-pi-3-model-b-plus/?src=raspberrypi},
journal={PiShop.us},
year={2018},
note={Accessed: 2018/11/2}
}

@misc{laptop,
title={7 best laptops for deep learning \& machine learning (2018) 2018},
howpublished={https://www.huntlaptop.com/best-laptops-for-deep-learning/},
journal={Hunt Laptop},
year={2018},
note={Accessed: 2018/11/2}
}

@misc{pgadmin,
title={pgAdmin - PostgreSQL Tools},
howpublished={https://www.pgadmin.org/},
journal={Pgadmin.org},
author={Page, Dave},
year={2018},
note={Accessed: 2018/11/2}
}

@misc{piplusncs,
title={Adding AI to the Raspberry Pi with the Movidius Neural Compute Stick},
howpublished={https://www.bouvet.no/bouvet-deler/adding-ai-to-edge-devices-with-the-movidius-neural-compute-stick},
journal={Bouvet Norge},
author={West, Mark},
year={2018},
note={Accessed: 2018/11/2}
}
